@article{RobertsGarethO.2001OSfV,
issn = {08834237},
journal = {Statistical Science},
pages = {351--367},
volume = {16},
number = {4},
year = {2001},
title = {Optimal Scaling for Various Metropolis-Hastings Algorithms},
copyright = {Copyright 2005 Elsevier Science B.V., Amsterdam. All rights reserved.},
author = {Roberts, Gareth O. and Rosenthal, Jeffrey S.},
keywords = {Adaptive Triangulations ; Aic ; Density Estimation ; Extended Linear Models ; Finite Elements ; Free Knot Splines ; Gcv ; Linear Splines ; Multivariate Splines ; Regression},
}

